
@Misc{DMTN-106,
  author =       {Gabriele Comoretto},
   title =        "{DM Release Process}",
    year = 2019,
  handle = {DMTN-106},
     url =          {https://dmtn-106.lsst.io/}
}
